@article{Peto2018,
author = {Pet≈ë, Tam{\'{a}}s and Seller, Rudolf},
doi = {10.5772/intechopen.71289},
file = {:C$\backslash$:/Github/Tese/1.ESCRITA/Refer{\^{e}}ncias/Adaptive Clutter Cancelation Techniques for Passive Radars.pdf:pdf},
journal = {Topics in Radar Signal Processing},
keywords = {adaptive,clutter cancellation,dpis,passive radar,zdi suppression},
title = {{Adaptive Clutter Cancellation Techniques for Passive Radars}},
year = {2018}
}
