@book{Kraus1988,
address = {New Delhi},
author = {Kraus, John D-},
edition = {2nd},
editor = {McGraw-Hill},
file = {:C$\backslash$:/Users/Afonso S{\'{e}}nica/Downloads/Antennas by John D. Kraus (z-lib.org).pdf:pdf},
title = {{Antennas}},
year = {1988}
}
