@article{Y.Rahmat-SamiiL.I.Williams1995,
author = {{Y. Rahmat-Samii, L. I. Williams}, R. G. Yoccarino},
journal = {IEEE Antennas {\&} Propagation Magazine, Vol. 37, No. 6},
title = {{The UCLA Bi-polar Planar-Near-Field Antenna Measurement and Diagnostics Range}},
year = {1995}
}
