@article{Yazc2013,
abstract = {Passive radar not only offers the ability to exploit illuminators of opportunity to enable radar detection and tracking but also imaging. In these notes, the principles of passive radar imaging are illustrated. This paper is to be considered as companion notes for the NATO Lecture on “Passive Radar Imaging” of the Lecture Series SET-243 on Passive Radar.},
author = {Yazıcı, Birsen},
file = {:C$\backslash$:/Users/Afonso S{\'{e}}nica/AppData/Local/Mendeley Ltd./Mendeley Desktop/Downloaded/Martorella, Berizzi - 1978 - Passive Radar Imaging.pdf:pdf},
journal = {STO-MP-SET-187},
pages = {1--12},
title = {{Passive Radar Imaging}},
year = {2013}
}
