@article{HeinerKuschel2019,
author = {{Heiner Kuschel}},
file = {:C$\backslash$:/Users/Afonso S{\'{e}}nica/AppData/Local/Mendeley Ltd./Mendeley Desktop/Downloaded/Blucke - 1935 - Passive Coherent Locator History and Fundamentals.pdf:pdf},
pages = {1--12},
title = {{Passive Coherent Locator History and Fundamentals}},
year = {2019}
}
