@article{Baker2019,
author = {Baker, Prof Christopher},
file = {:C$\backslash$:/Users/Afonso S{\'{e}}nica/AppData/Local/Mendeley Ltd./Mendeley Desktop/Downloaded/Baker - Unknown - PCL Waveforms.pdf:pdf},
pages = {1--16},
title = {{PCL Waveforms}},
year = {2019}
}
