@article{Jeske2004,
author = {Jeske, Daniel R. and Sampath, Ashwin},
doi = {10.1002/nav.20022},
file = {:C$\backslash$:/Github/Tese/Refer{\^{e}}ncias/nav.20022.pdf:pdf},
issn = {0894069X},
journal = {Naval Research Logistics},
keywords = {Doubly noncentral F distribution,Exponential smoothing,Feedback loop estimation,Optimal combined estimation,Satterthwaite approximation,Signal-to-noise ratio},
number = {5},
pages = {720--740},
title = {{Signal-to-interference-plus-noise ratio estimation for wireless communication systems: Methods and analysis}},
volume = {51},
year = {2004}
}
