@article{Friedt,
author = {Friedt, J},
file = {:O$\backslash$:/01{\_}TRABALHO/02{\_}TESE/Artigos/A adicionar ref/Software defined radio for noise and passive RADAR.pdf:pdf},
keywords = {correlation,noise radar,passive radar},
title = {{Software defined radio for noise and passive RADAR processing Experimental setup}}
}
