@book{IEEE1997,
address = {New York},
author = {IEEE},
edition = {6th},
title = {{The IEEE standard dictionary of electrical and electronics terms}},
year = {1997}
}
